@article{hopcroft2001introduction,
  title     = {Introduction to automata theory, languages, and computation},
  author    = {Hopcroft, John E and Motwani, Rajeev and Ullman, Jeffrey D},
  journal   = {Acm Sigact News},
  volume    = {32},
  number    = {1},
  pages     = {60--65},
  year      = {2001},
  publisher = {ACM New York, NY, USA}
}

@article{sipser1996introduction,
  title     = {Introduction to the Theory of Computation},
  author    = {Sipser, Michael},
  journal   = {ACM Sigact News},
  volume    = {27},
  number    = {1},
  pages     = {27--29},
  year      = {1996},
  publisher = {ACM New York, NY, USA}
}

@book{arora2009computational,
  title     = {Computational complexity: a modern approach},
  author    = {Arora, Sanjeev and Barak, Boaz},
  year      = {2009},
  publisher = {Cambridge University Press}
}

@article{lewis1998elements,
  title     = {Elements of the Theory of Computation},
  author    = {Lewis, Harry R and Papadimitriou, Christos H},
  journal   = {ACM SIGACT News},
  volume    = {29},
  number    = {3},
  pages     = {62--78},
  year      = {1998},
  publisher = {ACM New York, NY, USA}
}

@book{moon,
  title     = {쉽게 배우는 알고리즘},
  author    = {문병로},
  year      = {2018},
  publisher = {한빛미디어}
}

@misc{park,
  author    = {박근수},
  title     = {오토마타 이론 강의록},
  year      = {2021},
  publisher = {서울대학교}
}

@misc{yi,
  author    = {이광근},
  title     = {SNU 4190.310 Programming Languages Lecture Notes},
  year      = {2006},
  publisher = {서울대학교}
}

@book{jech2003set,
  title     = {Set theory: The third millennium edition, revised and expanded},
  author    = {Jech, Thomas},
  year      = {2003},
  publisher = {Springer}
}

@article{barendregt1984lambda,
  title   = {The lambda calculus, its syntax and semantics. Revised edition edn},
  author  = {Barendregt, Hendrik Pieter},
  journal = {Studies in Logic and the Foundations of Mathematics},
  volume  = {103},
  year    = {1984}
}